@inproceedings{freenet,
  title={Freenet: A distributed anonymous information storage and retrieval system},
  author={Clarke, Ian and Sandberg, Oskar and Wiley, Brandon and Hong, Theodore W},
  booktitle={Designing Privacy Enhancing Technologies},
  pages={46--66},
  year={2001},
  organization={Springer}
}
@misc{cryptoeprint:2017:825,
    author = {Syed Mahbub Hafiz and Ryan Henry},
    title = {Querying for Queries: Indexes of Queries for Efficient and Expressive {IT}-{PIR}},
    howpublished = {Cryptology ePrint Archive, Report 2017/825},
    year = {2017},
    note = {\url{https://eprint.iacr.org/2017/825}},
}

@article{dagster,
  title={Dagster: censorship-resistant publishing without replication},
  author={Stubblefield, AB and Wallach, Dan S},
  journal={Rice University, Technical Report TR0l-380},
  year={2001}
}

@inproceedings{tangler,
  title={Tangler: a censorship-resistant publishing system based on document entanglements},
  author={Waldman, Marc and Mazieres, David},
  booktitle={Proceedings of the 8th ACM conference on Computer and Communications Security},
  pages={126--135},
  year={2001},
  organization={ACM}
}

@article{shattered,
  title={The first collision for full SHA-1},
  author={Stevens, Marc and Bursztein, Elie and Karpman, Pierre and Albertini, Ange and Markov, Yarik}
}

@article{shamirsharing,
  title={How to share a secret},
  author={Shamir, Adi},
  journal={Communications of the ACM},
  volume={22},
  number={11},
  pages={612--613},
  year={1979},
  publisher={ACm}
}

@inproceedings{publius,
  title={Publius: A Robust, Tamper-Evident Censorship-Resistant Web Publishing System},
  author={Waldman, Marc and Rubin, Aviel D and Cranor, Lorrie Faith},
  booktitle={9th USENIX Security Symposium},
  pages={59--72},
  year={2000}
}

@inproceedings{oram,
  title={Path ORAM: an extremely simple oblivious RAM protocol},
  author={Stefanov, Emil and Van Dijk, Marten and Shi, Elaine and Fletcher, Christopher and Ren, Ling and Yu, Xiangyao and Devadas, Srinivas},
  booktitle={Proceedings of the 2013 ACM SIGSAC conference on Computer \& communications security},
  pages={299--310},
  year={2013},
  organization={ACM}
}

@inproceedings{original-pir,
  title={Private information retrieval},
  author={Chor, Benny and Goldreich, Oded and Kushilevitz, Eyal and Sudan, Madhu},
  booktitle={Foundations of Computer Science, 1995. Proceedings., 36th Annual Symposium on},
  pages={41--50},
  year={1995},
  organization={IEEE}
}

@inproceedings{pir,
  title={Replication is not needed: Single database, computationally-private information retrieval},
  author={Kushilevitz, Eyal and Ostrovsky, Rafail},
  booktitle={Foundations of Computer Science, 1997. Proceedings., 38th Annual Symposium on},
  pages={364--373},
  year={1997},
  organization={IEEE}
}

@inproceedings{singledatabasesurvey,
  title={A survey of single-database private information retrieval: Techniques and applications},
  author={Ostrovsky, Rafail and Skeith III, William E},
  booktitle={International Workshop on Public Key Cryptography},
  pages={393--411},
  year={2007},
  organization={Springer}
}

@misc{bittorrent,
  title={Bittorrent protocol},
  author={Cohen, Bram},
  journal={2009-09-01] http://www. bittorrent. org/beps/bep\_0003. html},
  year={2006}
}

@misc{apple-v-fbi,
  title={Apple vows to resist {FBI} demand to crack i{P}hone linked to {S}an {B}ernardino attacks},
  author={Nakashima, Ellen},
  howpublished={\url{https://www.washingtonpost.com/world/national-security/us-wants-apple-to-help-unlock-iphone-used-by-san-bernardino-shooter/2016/02/16/69b903ee-d4d9-11e5-9823-02b905009f99_story.html}},
  year={2016},
  month={February}
}

@techreport{tor,
  title={Tor: The second-generation onion router},
  author={Dingledine, Roger and Mathewson, Nick and Syverson, Paul},
  year={2004},
  institution={DTIC Document}
}

@misc{psiphon,
  title={Psiphon: Analysis and estimation, 2004},
  author={Jia, J and Smith, P}
}

@inproceedings{tapdance,
  title={TapDance: End-to-Middle Anticensorship without Flow Blocking.},
  author={Wustrow, Eric and Swanson, Colleen and Halderman, J Alex},
  booktitle={USENIX Security},
  pages={159--174},
  year={2014}
}

@article{flask,
  title={Welcome—flask (a python microframework)},
  author={Ronacher, Armin},
  journal={URL: http://flask.pocoo.org/(visited on 02/28/2017)},
  year={2010}
}

@misc{sqlalchemy,
  title={SQLAlchemy 0.3 Documentation},
  author={Bayer, Michael},
  year={2007}
}

@inproceedings{sjcl,
  title={Symmetric cryptography in javascript},
  author={Stark, Emily and Hamburg, Michael and Boneh, Dan},
  booktitle={Computer Security Applications Conference, 2009. ACSAC'09. Annual},
  pages={373--381},
  year={2009},
  organization={IEEE}
}

@article{tweetnacl,
 author = "Bernstein D. J. and van Gastel B. and Janssen W. and Lange T. and Schwabe P. and Smetsers S.",
 title = "TweetNaCl: A Crypto Library in 100 Tweets",
 journal = "In: Aranha D., Menezes A. (eds) Progress in Cryptology - {LATINCRYPT}",
 volume = "2014.",
 year = 2015
}

@inproceedings{curve25519,
  title={Curve25519: new Diffie-Hellman speed records},
  author={Bernstein, Daniel J},
  booktitle={International Workshop on Public Key Cryptography},
  pages={207--228},
  year={2006},
  organization={Springer}
}

@article{meek,
  title={Blocking-resistant communication through domain fronting},
  author={Fifield, David and Lan, Chang and Hynes, Rod and Wegmann, Percy and Paxson, Vern},
  journal={Proceedings on Privacy Enhancing Technologies},
  volume={2015},
  number={2},
  pages={46--64},
  year={2015}
}

@article{gpgpu-curve25519,
  title={Fast GPGPU-Based Elliptic Curve Scalar Multiplication.},
  author={Mahe, Eric and Chauvet, Jean-Marie},
  journal={IACR Cryptology ePrint Archive},
  volume={2014},
  pages={198},
  year={2014}
}

@inproceedings{elligator,
  title={Elligator: Elliptic-curve points indistinguishable from uniform random strings},
  author={Bernstein, Daniel J and Hamburg, Mike and Krasnova, Anna and Lange, Tanja},
  booktitle={Proceedings of the 2013 ACM SIGSAC conference on Computer \& communications security},
  pages={967--980},
  year={2013},
  organization={ACM}
}

@phdthesis{rest,
title={Architectural styles and the design of network-based software architectures},
author={Fielding, Roy Thomas},
year={2000},
school={University of California, Irvine}
}

@misc{jquery,
  title = {jQuery},
  howpublished = {\url{https://jquery.com}},
  note = {Accessed: 2017-02-28}
}

@misc{twitter-privacy,
  title = {Twitter Privacy Policy},
  howpublished = {\url{https://developer.twitter.com/en/docs/twitter-for-websites/privacy}},
  note = {Accessed: 2022-03-16}
}

@misc{fb-privacy,
  title = {Facebook Privacy Policy},
  howpublished = {\url{https://www.facebook.com/policy.php}},
  note = {Accessed: 2022-03-16}
}

@article{aes-gcm,
title={The Galois/counter mode of operation (GCM)},
author={McGrew, David and Viega, John},
journal={Submission to NIST Modes of Operation Process},
volume={20},
year={2004}
}

@misc{webcrypto,
  title = {Web Cryptography {API}},
  howpublished = {\url{https://www.w3.org/TR/2016/PR-WebCryptoAPI-20161215/}},
}

@book{raid5,
  title={A case for redundant arrays of inexpensive disks (RAID)},
  author={Patterson, David A and Gibson, Garth and Katz, Randy H},
  volume={17},
  number={3},
  year={1988},
  publisher={ACM}
}

@misc{content-id,
  title = {Content IDs},
  howpublished = {\url{https://support.google.com/youtube/answer/2797370?hl=en}},
  note = {Accessed: 2017-02-28}
}

@article{rubberhose,
  title={The Idiot Savants’ Guide to Rubberhose},
  author={Dreyfus, Suelette},
  journal={Official documentation for the Rubberhose file system},
  year={2001}
}

@article{obfsproxy,
  title={Obfsproxy: the next step in the censorship arms race},
  author={Dingledine, Roger},
  journal={Tor Project official blog},
  year={2012}
}

@article{dmca,
  title={Digital {M}illennium {C}opyright {A}ct},
  author={Congress, US},
  journal={Public Law},
  volume={105},
  number={304},
  pages={112},
  year={1998}
}

@misc{youtube-fair-use,
  title={Universal Music Group and YouTube Agree to Forget About Fair Use},
  author={Michael Weinberg},
  howpublished={\url{https://www.publicknowledge.org/news-blog/blogs/universal-music-group-and-youtube-agree-to-forget-about-fair-use}},
  year={2014}
}

@misc{eff-fair-use,
  title={A Guide to YouTube Removals},
  author={Electronic Frontier Foundation},
  howpublished={\url{https://www.eff.org/issues/intellectual-property/guide-to-youtube-removals}},
}

@misc{mega,
  title={MEGA, The Privacy Company},
  author={Mega},
  howpublished={\url{https://mega.nz/}},
}

@article{aqua,
 author = {Le Blond, Stevens and Choffnes, David and Zhou, Wenxuan and Druschel, Peter and Ballani, Hitesh and Francis, Paul},
 title = {Towards Efficient Traffic-analysis Resistant Anonymity Networks},
 journal = {SIGCOMM Comput. Commun. Rev.},
 issue_date = {October 2013},
 volume = {43},
 number = {4},
 month = aug,
 year = {2013},
 issn = {0146-4833},
 pages = {303--314},
 numpages = {12},
 url = {http://doi.acm.org/10.1145/2534169.2486002},
 doi = {10.1145/2534169.2486002},
 acmid = {2486002},
 publisher = {ACM},
 address = {New York, NY, USA},
 keywords = {anonymity networks, p2p file sharing, strong anonymity},
}

@article{riffle,
  title={Riffle},
  author={Kwon, Albert and Lazar, David and Devadas, Srinivas and Ford, Bryan},
  journal={Proceedings on Privacy Enhancing Technologies},
  volume={2016},
  number={2},
  pages={115--134},
  year={2016}
}

@inproceedings{permacoin,
  title={Permacoin: Repurposing {B}itcoin work for data preservation},
  author={Miller, Andrew and Juels, Ari and Shi, Elaine and Parno, Bryan and Katz, Jonathan},
  booktitle={Security and Privacy (SP), 2014 IEEE Symposium on},
  pages={475--490},
  year={2014},
  organization={IEEE}
}

@inproceedings{coniks,
  title={CONIKS: Bringing Key Transparency to End Users.},
  author={Melara, Marcela S and Blankstein, Aaron and Bonneau, Joseph and Felten, Edward W and Freedman, Michael J},
  booktitle={Usenix Security},
  pages={383--398},
  year={2015}
}

@article{xpir,
  title={{XPIR}: Private information retrieval for everyone},
  author={Aguilar-Melchor, Carlos and Barrier, Joris and Fousse, Laurent and Killijian, Marc-Olivier},
  journal={Proceedings on Privacy Enhancing Technologies},
  volume={2},
  pages={155--174},
  year={2016}
}

@inproceedings{juels2007pors,
  title={PORs: Proofs of retrievability for large files},
  author={Juels, Ari and Kaliski Jr, Burton S},
  booktitle={Proceedings of the 14th ACM conference on Computer and communications security},
  pages={584--597},
  year={2007},
  organization={Acm}
}

@article{lavinia,
  title={Lavinia: An auditpayment protocol for censorship-resistant storage},
  author={Bocovich, Cecylia and Doucette, John A and Goldberg, Ian},
  journal={Financial Cryptography and Data Security},
  year={2017}
}

@inproceedings{scalableTor,
  title={Scalable onion routing with torsk},
  author={McLachlan, Jon and Tran, Andrew and Hopper, Nicholas and Kim, Yongdae},
  booktitle={Proceedings of the 16th ACM conference on Computer and communications security},
  pages={590--599},
  year={2009},
  organization={ACM}
}

@inproceedings{pir-tor,
  title={{PIR}-{T}or: Scalable Anonymous Communication Using Private Information Retrieval.},
  author={Mittal, Prateek and Olumofin, Femi G and Troncoso, Carmela and Borisov, Nikita and Goldberg, Ian},
  booktitle={USENIX Security Symposium},
  pages={31--31},
  year={2011}
}

@inproceedings{optimally,
  title={Optimally Robust Private Information Retrieval.},
  author={Devet, Casey and Goldberg, Ian and Heninger, Nadia},
  booktitle={USENIX Security Symposium},
  pages={269--283},
  year={2012}
}

@inproceedings{popcorn,
  title={Scalable and Private Media Consumption with Popcorn.},
  author={Gupta, Trinabh and Crooks, Natacha and Mulhern, Whitney and Setty, Srinath TV and Alvisi, Lorenzo and Walfish, Michael},
  booktitle={NSDI},
  pages={91--107},
  year={2016}
}

@techreport{cert-transparency,
  title={Certificate transparency},
  author={Laurie, Ben and Langley, Adam and Kasper, Emilia},
  year={2013}
}

@misc{twitter-transparency,
  title={Removal requests},
  author={Twitter},
  howpublished={\url{https://transparency.twitter.com/en/removal-requests.html}},
  year={2017}
}

@misc{twitter-rafael-greca,
  title={Brazil - Court Order to Twitter},
  author={Lumen},
  howpublished={\url{https://www.lumendatabase.org/notices/12866354}},
  year={2016}
}

@misc{facebook-transparency,
  title={Government Requests Report},
  author={Facebook},
  howpublished={\url{https://govtrequests.facebook.com/}},
  year={2017}
}

@misc{google-transparency,
  title={Transparency Report},
  author={Google},
  howpublished={\url{https://transparencyreport.google.com/}},
  year={2017}
}

@misc{merkle,
  title={Method of providing digital signatures},
  author={Merkle, Ralph C},
  year={1982},
  month=jan # "~5",
  publisher={Google Patents},
  note={US Patent 4,309,569}
}

@inproceedings{biometrics-pir,
  title={Extended private information retrieval and its application in biometrics authentications},
  author={Bringer, Julien and Chabanne, Herv{\'e} and Pointcheval, David and Tang, Qiang},
  booktitle={CANS},
  volume={7},
  pages={175--193},
  year={2007},
  organization={Springer}
}

@article{bbPIR,
  title={Generalizing {PIR} for Practical Private Retrieval of Public Data.},
  author={Wang, Shiyuan and Agrawal, Divyakant and El Abbadi, Amr and Youseff, Lamia and Wolski, Rich and Yu, Fang and Bultan, Tevfik and Ibarra, Oscar H and Zhou, Xia and Sala, Alessandra and others},
  journal={DBSec},
  volume={10},
  pages={1--16},
  year={2010},
  publisher={Springer}
}

@misc{lumen,
  title={Lumen Database},
  author={Lumen},
  howpublished={\url{https://lumendatabase.org/}}
}

@article{ethereum,
  title={Ethereum: A secure decentralised generalised transaction ledger},
  author={Wood, Gavin},
  journal={Ethereum Project Yellow Paper},
  year={2014}
}

@online{sgx,
  title = {{Intel Software Guard Extensions}},
  author={Intel},
  howpublished = {\url{https://software.intel.com/en-us/sgx}}
}
@article{erdos1959random,
  title={On random graphs, {I}},
  author={Erd{\"o}s, Paul and R{\'e}nyi, Alfr{\'e}d},
  journal={Publicationes Mathematicae (Debrecen)},

  volume={6},
  pages={290--297},
  year={1959}
}

@article{albert2002statistical,
  title={Statistical mechanics of complex networks},
  author={Albert, R{\'e}ka and Barab{\'a}si, Albert-L{\'a}szl{\'o}},
  journal={Reviews of modern physics},
  volume={74},
  number={1},
  pages={47},
  year={2002},
  publisher={APS}
}

@article{watts1998collective,
  title={Collective dynamics of ‘small-world’networks},
  author={Watts, Duncan J and Strogatz, Steven H},
  journal={nature},
  volume={393},
  number={6684},
  pages={440},
  year={1998},
  publisher={Nature Publishing Group}
}

@misc{haydenmetadata,
  title={The Price of Privacy: Re-Evaluating the {NSA}},
  author={{Johns Hopkins Foreign Affairs Symposium}},
  day={7},
  month={April},
  year={2014},
  howpublished={\url{https://youtu.be/kV2HDM86XgI?t=1079}}
}

@misc{igraph,
  title = {igraph},
  howpublished = {\url{https://igraph.org/c/}},
  note = {Accessed: 2019-06-18}
}

@misc{blind_rsa_old_code,
  title={Blind-{RSA}},
  author = {Aris Athanasiou},
  howpublished = {\url{https://github.com/arisath/Blind-RSA}},
  note = {Accessed: 2019-11-21}
}

@misc{signal-source,
  author = {{Open Whisper Systems}},
  title = {Signal source code},
  year = {2013},
  publisher = {GitHub},
  journal = {GitHub repository},
  howpublished = {\url{https://github.com/signalapp}},
}

@misc{django,
  title = {Django},
  howpublished = {\url{https://www.djangoproject.com/}},
  note = {Accessed: 2019-11-21}
  }

  @InProceedings{C:Chaum82,
  author =       "David Chaum",
  title =        "Blind Signatures for Untraceable Payments",
  pages =        "199--203",
  editor =       crypto82ed,
  booktitle =    crypto82name,
  volume =       crypto82vol,
  address =      cryptoaddr,
  month =        crypto82month,
  publisher =    plenumpress,
  series =       "",
  year =         1982,
}

@InProceedings{SCN:CamLys02,
  author =       "Jan Camenisch and
                  Anna Lysyanskaya",
  title =        "A Signature Scheme with Efficient Protocols",
  pages =        "268--289",
  editor =       scn02ed,
  booktitle =    scn02name,
  volume =       scn02vol,
  address =      scn02addr,
  month =        scn02month,
  publisher =    scnpub,
  series =       mylncs,
  year =         2003,
  doi =          "10.1007/3-540-36413-7_20",
}

@InProceedings{RSA:PoiSan16,
  author =       "David Pointcheval and
                  Olivier Sanders",
  title =        "Short Randomizable Signatures",
  pages =        "111--126",
  editor =       rsa16ed,
  booktitle =    rsa16name,
  volume =       rsa16vol,
  address =      rsa16addr,
  month =        rsa16month,
  publisher =    rsapub,
  series =       mylncs,
  year =         2016,
  doi =          "10.1007/978-3-319-29485-8_7",
}

@InProceedings{RSA:PoiSan18,
  author =       "David Pointcheval and
                  Olivier Sanders",
  title =        "Reassessing Security of Randomizable Signatures",
  pages =        "319--338",
  editor =       rsa18ed,
  booktitle =    rsa18name,
  volume =       rsa18vol,
  address =      rsa18addr,
  month =        rsa18month,
  publisher =    rsapub,
  series =       mylncs,
  year =         2018,
  doi =          "10.1007/978-3-319-76953-0_17",
}

@InProceedings{AC:Ruckert10,
  author =       "Markus R{\"u}ckert",
  title =        "Lattice-Based Blind Signatures",
  pages =        "413--430",
  editor =       asiacrypt10ed,
  booktitle =    asiacrypt10name,
  volume =       asiacrypt10vol,
  address =      asiacrypt10addr,
  month =        asiacrypt10month,
  publisher =    asiacryptpub,
  series =       mylncs,
  year =         2010,
  doi =          "10.1007/978-3-642-17373-8_24",
}

@InProceedings{EC:StaPivCam95,
  author =       "Markus Stadler and
                  Jean-Marc Piveteau and
                  Jan Camenisch",
  title =        "Fair Blind Signatures",
  pages =        "209--219",
  editor =       eurocrypt95ed,
  booktitle =    eurocrypt95name,
  volume =       eurocrypt95vol,
  address =      eurocrypt95addr,
  month =        eurocrypt95month,
  publisher =    eurocryptpub,
  series =       mylncs,
  year =         1995,
  doi =          "10.1007/3-540-49264-X_17",
}

@InProceedings{EC:CamPivSta94,
  author =       "Jan Camenisch and
                  Jean-Marc Piveteau and
                  Markus Stadler",
  title =        "Blind Signatures Based on the Discrete Logarithm Problem (Rump Session)",
  pages =        "428--432",
  editor =       eurocrypt94ed,
  booktitle =    eurocrypt94name,
  volume =       eurocrypt94vol,
  address =      eurocrypt94addr,
  month =        eurocrypt94month,
  publisher =    eurocryptpub,
  series =       mylncs,
  year =         1995,
  doi =          "10.1007/BFb0053458",
}

@book {smsbook,
  author = {Hillebrand, Friedhelm and Trosby, Finn and Holley, Kevin and Harris, Ian},
  title = "Short Message Service ({SMS}): {T}he Creation of Personal Global Text Messaging",
  pages = 194,
  publisher = "Wiley",
  year = 2010,
}

@inproceedings{HakCha05,
 author = {H\"{a}kkil\"{a}, Jonna and Chatfield, Craig},
 title = {`{I}t's Like if You Opened Someone else's Letter': User Perceived Privacy and Social Practices with {SMS} Communication},
 booktitle = {Proceedings of the 7th International Conference on Human Computer Interaction with Mobile Devices \& Services},
 series = {MobileHCI '05},
 year = {2005},
 pages = {219--222},
 doi = {10.1145/1085777.1085814},
 publisher = {ACM},
}

@article{Ball14,
 title={{NSA} collects millions of text messages daily in `untargeted' global sweep},
 url={https://www.theguardian.com/world/2014/jan/16/nsa-collects-millions-text-messages-daily-untargeted-global-sweep},
 journal={The Guardian},
 author={Ball, James},
 year={2014},
 month={Jan}
}

@article{Fif19,
  title={Chinese app on {X}i’s ideology allows data access to users' phones, report says},
  journal={The Washington Post},
  author={Fifield, Anna},
  howpublished={\url{https://www.washingtonpost.com/world/asia_pacific/chinese-app-on-xis-ideology-allows-data-access-to-100-million-users-phones-report-says/2019/10/11/2d53bbae-eb4d-11e9-bafb-da248f8d5734_story.html}},
  year=2019,
  month=Oct,
}

@techreport{MSMRD18,
  title="{Hide and Seek: Tracking NSO Group’s Pegasus Spyware to Operations in 45 Countries}",
  series="Citizen Lab Research Report",
  number=113,
  institution="University of Toronto",
  author={Bill Marczak and John Scott-Railton and Sarah McKune and Bahr Abdul Razzak and Ron Deibert},
  year=2018,
  month=Sep,
}

@article{Lab18,
  title={Secure Messaging Apps Are Growing Faster in Corrupt Countries},
  url={https://blog.apptopia.com/secure-msging-growth-corrupt},
  author={Brandom LaBelle},
  journal={Apptopia blog},
  year=2018,
  moth=Jan,
}

@inproceedings{BGB04,
 author = {Borisov, Nikita and Goldberg, Ian and Brewer, Eric},
 title = {Off-the-record Communication, or, Why Not to Use {PGP}},
 booktitle = {Proceedings of the 2004 ACM Workshop on Privacy in the Electronic Society},
 series = {WPES '04},
 year = {2004},
 isbn = {1-58113-968-3},
 location = {Washington DC, USA},
 pages = {77--84},
 numpages = {8},
 url = {http://doi.acm.org/10.1145/1029179.1029200},
 doi = {10.1145/1029179.1029200},
 acmid = {1029200},
 publisher = {ACM},
 address = {New York, NY, USA},
 keywords = {deniability, perfect forward secrecy, private communication},
}

@article{Mar13,
  author = {Marlinspike, Moxie},
  year = 2013,
  month = Nov,
  title = "Advanced cryptographic ratcheting",
  journal = "Signal Blog",
}

@INPROCEEDINGS{U+15,
author={N. {Unger} and S. {Dechand} and J. {Bonneau} and S. {Fahl} and H. {Perl} and I. {Goldberg} and M. {Smith}},
booktitle={2015 IEEE Symposium on Security and Privacy},
title={{SoK}: Secure Messaging},
year={2015},
pages={232--249},
doi={10.1109/SP.2015.22},
month={May},
}

@inproceedings{CF10,
 author = {Corrigan-Gibbs, Henry and Ford, Bryan},
 title = "{Dissent: Accountable Anonymous Group Messaging}",
 booktitle = {Proceedings of the 17th ACM Conference on Computer and Communications Security},
 series = {CCS '10},
 year = {2010},
 pages = {340--350},
 numpages = {11},
 doi = {10.1145/1866307.1866346},
 publisher = {ACM},
}

@INPROCEEDINGS{F+16,
author={T. {Frosch} and C. {Mainka} and C. {Bader} and F. {Bergsma} and J. {Schwenk} and T. {Holz}},
booktitle={2016 IEEE European Symposium on Security and Privacy (EuroS\&P)},
title={How Secure is {TextSecure}?},
year={2016},
pages={457--472},
doi={10.1109/EuroSP.2016.41},
month={March},}

@INPROCEEDINGS{CBM15,
author={H. {Corrigan-Gibbs} and D. {Boneh} and D. {Mazi\`eres}},
booktitle={2015 IEEE Symposium on Security and Privacy},
title="{Riposte: An Anonymous Messaging System Handling Millions of Users}",
year={2015},
pages={321--338},
doi={10.1109/SP.2015.27},
month={May},}

@INPROCEEDINGS{C+17,
author={K. {Cohn-Gordon} and C. {Cremers} and B. {Dowling} and L. {Garratt} and D. {Stebila}},
booktitle={2017 IEEE European Symposium on Security and Privacy (EuroS\&P)},
title={A Formal Security Analysis of the {S}ignal Messaging Protocol},
year={2017},
pages={451--466},
doi={10.1109/EuroSP.2017.27},
month={April},}

@inproceedings{HLZZ15,
 author = {van den Hooff, Jelle and Lazar, David and Zaharia, Matei and Zeldovich, Nickolai},
 title = {Vuvuzela: Scalable Private Messaging Resistant to Traffic Analysis},
 booktitle = {Proceedings of the 25th Symposium on Operating Systems Principles},
 series = {SOSP '15},
 year = {2015},
 pages = {137--152},
 numpages = {16},
 doi = {10.1145/2815400.2815417},
 publisher = {ACM},
}

@article {SVH18,
      author = "Michael Schliep and Eugene Vasserman and Nicholas Hopper",
      title = "{Consistent Synchronous Group Off-The-Record Messaging with SYM-GOTR}",
      journal = "Proceedings on Privacy Enhancing Technologies",
      year = "2018",
      publisher = "Sciendo",
      address = "Berlin",
      volume = "2018",
      number = "3",
      pages= "181--202",
}

@article {KLDF16,
      author = "Albert Kwon and David Lazar and Srinivas Devadas and Bryan Ford",
      title = "Riffle",
      journal = "Proceedings on Privacy Enhancing Technologies",
      year = "2016",
      publisher = "Sciendo",
      address = "Berlin",
      volume = "2016",
      number = "2",
      pages=      "115--134",
}

@inproceedings{CDAGM19,
 author = {Chase, Melissa and Deshpande, Apoorvaa and Ghosh, Esha and Malvai, Harjasleen},
 title = "{SEEMless: Secure End-to-End Encrypted Messaging with Less Trust}",
 booktitle = {Proceedings of the 2019 ACM SIGSAC Conference on Computer and Communications Security},
 series = {CCS '19},
 year = {2019},
 pages = {1639--1656},
 doi = {10.1145/3319535.3363202},
 publisher = {ACM},
} 

@inproceedings{DiRaimondo:2005:SOM:1102199.1102216,
 author = {Di Raimondo, Mario and Gennaro, Rosario and Krawczyk, Hugo},
 title = {Secure Off-the-record Messaging},
 booktitle = {Proceedings of the 2005 ACM Workshop on Privacy in the Electronic Society},
 series = {WPES '05},
 year = {2005},
 isbn = {1-59593-228-3},
 location = {Alexandria, VA, USA},
 pages = {81--89},
 numpages = {9},
 url = {http://doi.acm.org/10.1145/1102199.1102216},
 doi = {10.1145/1102199.1102216},
 acmid = {1102216},
 publisher = {ACM},
 address = {New York, NY, USA},
 keywords = {authentication, deniability, instant messaging, perfect forward secrecy},
}

@INPROCEEDINGS{RMS18,
author={P. {R\"osler} and C. {Mainka} and J. {Schwenk}},
booktitle={2018 IEEE European Symposium on Security and Privacy (EuroS\&P)},
title="{More is Less: On the End-to-End Security of Group Chats in Signal, WhatsApp, and Threema}",
year={2018},
pages={415--429},
doi={10.1109/EuroSP.2018.00036},
month={April},}

@inproceedings{CCGMM18,
 author = {Cohn-Gordon, Katriel and Cremers, Cas and Garratt, Luke and Millican, Jon and Milner, Kevin},
 title = "{On Ends-to-Ends Encryption: Asynchronous Group Messaging with Strong Security Guarantees}",
 booktitle = {Proceedings of the 2018 ACM SIGSAC Conference on Computer and Communications Security},
 series = {CCS '18},
 year = {2018},
 location = {Toronto, Canada},
 pages = {1802--1819},
 doi = {10.1145/3243734.3243747},
 publisher = {ACM},
 address = {New York, NY, USA},
}

@inproceedings{SH19,
 author = {Schliep, Michael and Hopper, Nicholas},
 title = {End-to-End Secure Mobile Group Messaging with Conversation Integrity and Deniability},
 booktitle = {Proceedings of the 18th ACM Workshop on Privacy in the Electronic Society},
 series = {WPES'19},
 year = {2019},
 pages = {55--73},
 doi = {10.1145/3338498.3358644},
 publisher = {ACM},
}


@inproceedings{tor_two,
 author = {Dingledine, Roger and Mathewson, Nick and Syverson, Paul},
 title = {Tor: The Second-generation Onion Router},
 booktitle = {Proceedings of the 13th Conference on USENIX Security Symposium - Volume 13},
 series = {SSYM'04},
 year = {2004},
 location = {San Diego, CA},
 pages = {21--21},
 numpages = {1},
 url = {http://dl.acm.org/citation.cfm?id=1251375.1251396},
 acmid = {1251396},
 publisher = {USENIX Association},
 address = {Berkeley, CA, USA},
} 

@ARTICLE{signal-tor, 
author={M. G. {Reed} and P. F. {Syverson} and D. M. {Goldschlag}}, 
journal={IEEE Journal on Selected Areas in Communications}, 
title={Anonymous connections and onion routing}, 
year={1998}, 
volume={16}, 
number={4}, 
pages={482-494}, 
keywords={telecommunication network routing;telecommunication traffic;security of data;Internet;electronic mail;data structures;onion routing;anonymous connections;private communication;public network;eavesdropping;traffic analysis;bidirectional connections;near real-time connections;socket connection;data stream;data structure;destination address;onions;network observers;proxy-aware applications;Web browsers;e-mail;prototype onion routing network;application proxies;Internet;Routing;Telecommunication traffic;Internet;Sockets;Electronic mail;Information security;Cryptography;Information analysis;Protection;Application software}, 
doi={10.1109/49.668972}, 
ISSN={0733-8716}, 
month={May},}

@inproceedings {190976,
author = {Susan E. McGregor and Polina Charters and Tobin Holliday and Franziska Roesner},
title = {Investigating the Computer Security Practices and Needs of Journalists},
booktitle = {24th {USENIX} Security Symposium ({USENIX} Security 15)},
year = {2015},
isbn = {978-1-931971-232},
address = {Washington, D.C.},
pages = {399--414},
url = {https://www.usenix.org/conference/usenixsecurity15/technical-sessions/presentation/mcgregor},
publisher = {{USENIX} Association},
month = aug,
}

@inproceedings {236244,
author = {Sam Havron and Diana Freed and Rahul Chatterjee and Damon McCoy and Nicola Dell and Thomas Ristenpart},
title = {Clinical Computer Security for Victims of Intimate Partner Violence},
booktitle = {28th {USENIX} Security Symposium ({USENIX} Security 19)},
year = {2019},
isbn = {978-1-939133-06-9},
address = {Santa Clara, CA},
pages = {105--122},
url = {https://www.usenix.org/conference/usenixsecurity19/presentation/havron},
publisher = {{USENIX} Association},
month = aug,
}

@misc{sealed-sender, title={Technology preview: Sealed sender for Signal}, url={https://signal.org/blog/sealed-sender/}, journal={Technology preview: Sealed sender for Signal}, author={Lund, Joshua}, year={2018}, month={Oct}}

@misc{ricochet,
    title={Ricochet: Anonymous instant messaging for real privacy},
    author={Brooks, J and others},
    year={2016},
}

@misc{pond,
    title={Pond},
    author={Langley, Adam},
    year={2015}
}

@inproceedings{verdict,
  title={Proactively accountable anonymous messaging in Verdict},
  author={Corrigan-Gibbs, Henry and Wolinsky, David Isaac and Ford, Bryan},
  booktitle={Presented as part of the 22nd {USENIX} Security Symposium ({USENIX} Security 13)},
  pages={147--162},
  year={2013}
}

@misc{healy_2013, url={https://kieranhealy.org/blog/archives/2013/06/09/using-metadata-to-find-paul-revere/}, author={Healy, Kieran}, year={2013}, month={Jun},
title="{Using Metadata to find Paul Revere}",} 

@InProceedings{PKC:LibQui04,
  author =       "Beno{\^\i}t Libert and
                  Jean-Jacques Quisquater",
  title =        "Efficient Signcryption with Key Privacy from Gap {Diffie}-{Hellman} Groups",
  pages =        "187--200",
  editor =       pkc04ed,
  booktitle =    pkc04name,
  volume =       pkc04vol,
  address =      pkc04addr,
  month =        pkc04month,
  publisher =    pkcpub,
  series =       mylncs,
  year =         2004,
  doi =          "10.1007/978-3-540-24632-9_14",
}

@InProceedings{ACISP:WMAS13,
  author =       "Yang Wang and
                  Mark Manulis and
                  Man Ho Au and
                  Willy Susilo",
  title =        "Relations among Privacy Notions for Signcryption and Key Invisible ``{Sign-then-Encrypt}''",
  pages =        "187--202",
  editor =       acisp13ed,
  booktitle =    acisp13name,
  volume =       acisp13vol,
  address =      acisp13addr,
  month =        acisp13month,
  publisher =    acisppub,
  series =       mylncs,
  year =         2013,
  doi =          "10.1007/978-3-642-39059-3_13",
}

% CITATIONS FROM PETS

@inproceedings{kwon2017atom,
  title={Atom: Horizontally scaling strong anonymity},
  author={Kwon, Albert and Corrigan-Gibbs, Henry and Devadas, Srinivas and Ford, Bryan},
  booktitle={Proceedings of the 26th Symposium on Operating Systems Principles},
  pages={406--422},
  year={2017},
  organization={ACM}
}

@inproceedings{tyagi2017stadium,
  title={Stadium: A distributed metadata-private messaging system},
  author={Tyagi, Nirvan and Gilad, Yossi and Leung, Derek and Zaharia, Matei and Zeldovich, Nickolai},
  booktitle={Proceedings of the 26th Symposium on Operating Systems Principles},
  pages={423--440},
  year={2017},
  organization={ACM}
}

@inproceedings{leibowitz2019no,
  title={No right to remain silent: isolating malicious mixes},
  author={Leibowitz, Hemi and Piotrowska, Ania M and Danezis, George and Herzberg, Amir},
  booktitle={28th {USENIX} Security Symposium ({USENIX} Security 19)},
  pages={1841--1858},
  year={2019}
}

@misc{guardianproject,
        title={Orbot: Tor for {A}ndroid},
        howpublished={\url{https://guardianproject.info/apps/orbot/}},
        year={2020},
        journal={Guardian Project}
}

@Article{hoeffding,
  author  = {Hoeffding, Wassily},
  title   = {Probability inequalities for sums of bounded random
      variables},
  journal = {J. Amer. Statist. Assoc.},
  year    = {1963},
  volume  = {58},
  pages   = {13--30},
  fjournal  = {Journal of the American Statistical Association},
  url   = {http://www.jstor.org/stable/2282952}
}

@InProceedings{SDA,
author="Danezis, George",
title="{Statistical Disclosure Attacks}",
booktitle="Security and Privacy in the Age of Uncertainty",
year="2003",
publisher="Springer US",
pages="421--426",
}

@InProceedings{two-sided-SDA,
author="Danezis, George
and Diaz, Claudia
and Troncoso, Carmela",
title="Two-Sided Statistical Disclosure Attack",
booktitle="Privacy Enhancing Technologies",
year="2007",
publisher="Springer Berlin Heidelberg",
pages="30--44",
}

@InProceedings{reverse-SDA,
author="Mallesh, Nayantara
and Wright, Matthew",
title="The Reverse Statistical Disclosure Attack",
booktitle="Information Hiding",
year="2010",
publisher="Springer Berlin Heidelberg",
pages="221--234",
}

@InProceedings{SDA-MD05,
author="Mathewson, Nick
and Dingledine, Roger",
title="Practical Traffic Analysis: Extending and Resisting Statistical Disclosure",
booktitle="Privacy Enhancing Technologies",
year="2005",
publisher="Springer Berlin Heidelberg",
pages="17--34",
}

@InProceedings{LSDA,
author="P{\'e}rez-Gonz{\'a}lez, Fernando
and Troncoso, Carmela",
title="Understanding Statistical Disclosure: A Least Squares Approach",
booktitle="Privacy Enhancing Technologies",
year="2012",
publisher="Springer Berlin Heidelberg",
pages="38--57",
}

@InProceedings{vida-SDA,
author="Danezis, George
and Troncoso, Carmela",
title="Vida: How to Use Bayesian Inference to De-anonymize Persistent Communications",
booktitle="Privacy Enhancing Technologies",
year="2009",
publisher="Springer Berlin Heidelberg",
pages="56--72",
}

@phdthesis{danezis-thesis,
  author="Danezis, George",
  title="Better Anonymous Communications",
  school="University of Cambridge",
  year=2004,
}

@inproceedings{meet-sdas,
  author    = {Simon Oya and
               Carmela Troncoso and
               Fernando P{\'{e}}rez{-}Gonz{\'{a}}lez},
  title     = {Meet the family of statistical disclosure attacks},
  booktitle = {{IEEE} Global Conference on Signal and Information Processing, GlobalSIP},
  pages     = {233--236},
  publisher = {{IEEE}},
  year      = {2013},
  url       = {https://arxiv.org/abs/1910.07603},
  doi       = {10.1109/GlobalSIP.2013.6736858},
}

@INPROCEEDINGS{mix-limits,
  author={D. {Kesdogan} and D. {Agrawal} and  {Vinh Pham} and D. {Rautenbach}},
  booktitle={2006 IEEE Symposium on Security and Privacy (S\&P'06)}, 
  title={{Fundamental limits on the anonymity provided by the MIX technique}},
  year={2006},
  pages={14 pp.-99},}

@article{vpn-usage,
  author={Global Web Index},
  title={{VPN users around the world}},
  year={2018},
  url = {https://www.globalwebindex.com/reports/vpn-usage-around-the-world},
}


@article{signalusercount,
author ={Andy Greenberg},
title = {Signal Is Finally Bringing Its Secure Messaging to the Masses},
publisher = {Wired},
year = {2020},
month= {Feb},
url={https://www.wired.com/story/signal-encrypted-messaging-features-mainstream/},}
@misc{citizenlab-blocklists,
  title={URL testing lists intended for discovering website censorship},
  author={Citizen Lab and Others},
  year={2014},
  url={https://github.com/citizenlab/test-lists},
  note={\href{https://github.com/citizenlab/test-lists}{https://github.com/citizenlab/test-lists}}
}

@inproceedings{Czyz-NDSS2016,
  title={Don't forget to lock the back door! A characterization of IPv6 network security policy},
  author={Czyz, Jakub and Luckie, Matthew and Allman, Mark and Bailey, Michael and others},
  booktitle={Network and Distributed Systems Security (NDSS)},
  year={2016}
}

@Misc{Google-IPv6,
  howpublished = {\url{https://www.google.com/intl/en/ipv6/statistics.html}},
  note         = {Accessed: 2022-01-25},
  title        = {{IPv6 Google Statistics | Google}},
  year         = {2022},
  date         = {2018-07-02},
  file         = {:./references/intl-en-ipv6-statistics.html.html:html},
  organization = {Google},
}

@Misc{Prince-CF2013,
 title = {{Happy IPv6 Day: Usage On the Rise, Attacks Too}},
 date = {2013-06-06},
 note = {Accessed: 2022-01-25},
 file = {:./references/ipv6-day-usage-attacks-rise-.html:html},
 howpublished = {\url{https://blog.cloudflare.com/ipv6-day-usage-attacks-rise/}},
 organization = {CloudFlare},
 author = {Matthew Prince}
}

@Misc{Huston-APNIC2021,
 title = {{IPv6 in 2020}},
 date = {2021-02-08},
 note = {Accessed: 2022-01-25},
 file = {:./references/ipv6-day-usage-attacks-rise-.html:html},
 howpublished = {\url{https://blog.apnic.net/2021/02/08/ipv6-in-2020/}},
 organization = {APNIC},
 author = {Geoff Huston}
}

@InProceedings{Czyz-SIGCOMM2014,
  author    = {Czyz, Jakub and Allman, Mark and Zhang, Jing and Iekel-Johnson, Scott and Osterweil, Eric and Bailey, Michael},
  title     = {Measuring IPv6 Adoption},
  booktitle = {Proceedings of the 2014 ACM Conference on SIGCOMM},
  year      = {2014},
  series    = {SIGCOMM '14},
  pages     = {87--98},
  address   = {New York, NY, USA},
  publisher = {ACM},
  acmid     = {2626295},
  doi       = {10.1145/2619239.2626295},
  isbn      = {978-1-4503-2836-4},
  keywords  = {IP, IPv4, IPv6, dns, internet, measurement},
  location  = {Chicago, Illinois, USA},
  numpages  = {12},
  url       = {http://doi.acm.org/10.1145/2619239.2626295},
}

@inproceedings{Dhamdhere-IMC2012,
 author = {Dhamdhere, Amogh and Luckie, Matthew and Huffaker, Bradley and claffy, kc and Elmokashfi, Ahmed and Aben, Emile},
 title = {{Measuring the Deployment of IPv6: Topology, Routing and Performance}},
 booktitle = {Proceedings of the 2012 Internet Measurement Conference},
 series = {IMC '12},
 year = {2012},
 isbn = {978-1-4503-1705-4},
 location = {Boston, Massachusetts, USA},
 pages = {537--550},
 numpages = {14},
 url = {http://doi.acm.org/10.1145/2398776.2398832},
 doi = {10.1145/2398776.2398832},
 acmid = {2398832},
 publisher = {ACM},
 address = {New York, NY, USA},
 keywords = {IPv6, performance, routing, topology},
}

@InProceedings{Tschantz-SP2016,
  author    = {M. C. {Tschantz} and S. {Afroz} and {Anonymous} and V. {Paxson}},
  title     = {{SoK: Towards Grounding Censorship Circumvention in Empiricism}},
  booktitle = {2016 IEEE Symposium on Security and Privacy (SP)},
  year      = {2016},
  pages     = {914-933},
  month     = {May},
  doi       = {10.1109/SP.2016.59},
  issn      = {2375-1207},
  keywords  = {authorisation;government policies;Internet;government Internet censorship;empiricism;censorship circumvention;SoK;Censorship;Monitoring;Bridges;IP networks;Relays;Grounding;Government;censorship;censorship circumvention;evaluation;and empiricism},
}

@article{abdi2007bonferroni,
  title={Bonferroni and {\v{S}}id{\'a}k corrections for multiple comparisons},
  author={Abdi, Herv{\'e} and others},
  journal={Encyclopedia of measurement and statistics},
  volume={3},
  pages={103--107},
  year={2007},
  publisher={Sage Thousand Oaks, CA}
}

@inproceedings{sundara2020censored,
  title     = {Censored Planet: An Internet-wide, Longitudinal Censorship Observatory},
  author    = {Sundara Raman, Ram and Shenoy, Prerana and Kohls, Katharina and Ensafi, Roya},
  booktitle = {Proceedings of the 2020 ACM SIGSAC Conference on Computer and Communications Security},
  pages     = {49--66},
  year      = {2020}
}

@inproceedings{scott2016satellite,
  title     = {Satellite: Joint analysis of CDNs and network-level interference},
  author    = {Scott, Will and Anderson, Thomas and Kohno, Tadayoshi and Krishnamurthy, Arvind},
  booktitle = {2016 {USENIX} Annual Technical Conference ({USENIX} {ATC} 16)},
  pages     = {195--208},
  year      = {2016}
}

@inproceedings{pearce2017global,
  title     = {Global measurement of {DNS} manipulation},
  author    = {Pearce, Paul and Jones, Ben and Li, Frank and Ensafi, Roya and Feamster, Nick and Weaver, Nick and Paxson, Vern},
  booktitle = {26th {USENIX} Security Symposium ({USENIX} Security 17)},
  pages     = {307--323},
  year      = {2017}
}

@inproceedings{pearce2017augur,
  title={Augur: Internet-wide detection of connectivity disruptions},
  author={Pearce, Paul and Ensafi, Roya and Li, Frank and Feamster, Nick and Paxson, Vern},
  booktitle={2017 IEEE Symposium on Security and Privacy (SP)},
  pages={427--443},
  year={2017},
  organization={IEEE}
}

@inproceedings{vandersloot2018quack,
  title     = {Quack: Scalable remote measurement of application-layer censorship},
  author    = {VanderSloot, Benjamin and McDonald, Allison and Scott, Will and Halderman, J Alex and Ensafi, Roya},
  booktitle = {27th {USENIX} Security Symposium ({USENIX} Security 18)},
  pages     = {187--202},
  year      = {2018}
}

@inproceedings{niaki2020iclab,
  title        = {ICLab: A Global, Longitudinal Internet Censorship Measurement Platform},
  author       = {Niaki, Arian Akhavan and Cho, Shinyoung and Weinberg, Zachary and Hoang, Nguyen Phong and Razaghpanah, Abbas and Christin, Nicolas and Gill, Phillipa},
  booktitle    = {2020 IEEE Symposium on Security and Privacy (SP)},
  pages        = {135--151},
  year         = {2020},
  organization = {IEEE}
}

@inproceedings{USESEC21:GFWatch,
  author    = {NP. Hoang and AA. Niaki and J. Dalek and J. Knockel and P. Lin and B. Marczak and M. Crete-Nishihata and P. Gill and M. Polychronakis},
  title     = {{How Great is the Great Firewall? Measuring China's DNS Censorship}},
  booktitle = {30th {USENIX} Security Symposium},
  year      = {2021},
  isbn      = {978-1-939133-24-3},
  pages     = {3381--3398},
  url       = {https://www.usenix.org/conference/usenixsecurity21/presentation/hoang},
  publisher = {{USENIX} Association}
}

@inproceedings{Anonymous2020:TripletCensors,
  title={Triplet Censors: Demystifying Great {Firewall's} {DNS} Censorship Behavior},
  author={Niaki, Arian Akhavan and Hoang, Nguyen Phong and Gill, Phillipa and Houmansadr, Amir and others},
  booktitle={10th USENIX Workshop on Free and Open Communications on the Internet (FOCI 20)},
  year={2020}
}

@inproceedings{kuhrer2015going,
  title     = {Going wild: Large-scale classification of open DNS resolvers},
  author    = {K{\"u}hrer, Marc and Hupperich, Thomas and Bushart, Jonas and Rossow, Christian and Holz, Thorsten},
  booktitle = {Proceedings of the 2015 Internet Measurement Conference},
  pages     = {355--368},
  year      = {2015}
} 

@article{nebuchadnezzar2012collateral,
  title   = {The collateral damage of internet censorship by dns injection},
  author  = {Nebuchadnezzar, Hovership},
  journal = {ACM SIGCOMM CCR},
  volume  = {42},
  number  = {3},
  pages   = {10--1145},
  year    = {2012}
}

@article{dagon2008corrupted,
  title  = {Corrupted DNS resolution paths: The rise of a malicious resolution authority},
  author = {Dagon, David and Lee, Chris and Lee, Wenke and Provos, Niels},
  year   = {2008}
}

@inproceedings{xu2011internet,
  title        = {Internet censorship in China: Where does the filtering occur?},
  author       = {Xu, Xueyang and Mao, Z Morley and Halderman, J Alex},
  booktitle    = {International Conference on Passive and Active Network Measurement},
  pages        = {133--142},
  year         = {2011},
  organization = {Springer}
}

@misc{global2002great,
  title        = {The great firewall revealed},
  author       = {Global Internet Freedom Consortium and others},
  howpublished = {\url{http://www.internetfreedom.org/files/WhitePaper/ChinaGreatFirewallRevealed.pdf}},
  year         = {2002}
}

@article{RFC1035,
  title        = {{ DOMAIN NAMES - IMPLEMENTATION AND SPECIFICATION }},
  journal      = {Internet Engineering Task Force},
  author       = {Mockapetris, P.},
  year         = {1987},
  howpublished = {\url{https://tools.ietf.org/html/rfc1035}},
  note         = {Accessed: 2022-01-27}
}

@article{RFC3596,
  title        = {{ DNS Extensions to Support IP Version 6 }},
  journal      = {Internet Engineering Task Force},
  author       = {Thomson, S. and Huitema, C. and Ksinant V. and Souissi M.},
  year         = {2003},
  howpublished = {\url{https://tools.ietf.org/html/rfc3596}},
  note         = {Accessed: 2022-01-27}
}

@inproceedings{beznazwy2020china,
  title={How China Detects and Blocks Shadowsocks},
  author={Beznazwy, Jan and Houmansadr, Amir},
  booktitle={Proceedings of the ACM Internet Measurement Conference},
  pages={111--124},
  year={2020}
}

@inproceedings{ramesh2020decentralized,
  title={Decentralized control: A case study of Russia},
  author={Ramesh, Reethika and Raman, Ram Sundara and Bernhard, Matthew and Ongkowijaya, Victor and Evdokimov, Leonid and Edmundson, Anne and Sprecher, Steven and Ikram, Muhammad and Ensafi, Roya},
  booktitle={Network and Distributed Systems Security (NDSS) Symposium 2020},
  year={2020}
}

@inproceedings{filasto2012ooni,
  title={OONI: Open Observatory of Network Interference.},
  author={Filasto, Arturo and Appelbaum, Jacob},
  booktitle={FOCI},
  year={2012}
}

@inproceedings{aryan2013internet,
  title={Internet censorship in Iran: A first look},
  author={Aryan, Simurgh and Aryan, Homa and Halderman, J Alex},
  booktitle={3rd {USENIX} Workshop on Free and Open Communications on the Internet ({FOCI} 13)},
  year={2013}
}

@inproceedings{yadav2018light,
  title={Where the light gets in: Analyzing web censorship mechanisms in india},
  author={Yadav, Tarun Kumar and Sinha, Akshat and Gosain, Devashish and Sharma, Piyush Kumar and Chakravarty, Sambuddho},
  booktitle={Proceedings of the Internet Measurement Conference 2018},
  pages={252--264},
  year={2018}
}

@inproceedings{gebhart2017internet,
  title={Internet censorship in Thailand: User practices and potential threats},
  author={Gebhart, Genevieve and Kohno, Tadayoshi},
  booktitle={2017 IEEE European symposium on security and privacy (EuroS\&P)},
  pages={417--432},
  year={2017},
  organization={IEEE}
}

@inproceedings{nabi2013anatomy,
  title={The anatomy of web censorship in Pakistan},
  author={Nabi, Zubair},
  booktitle={3rd {USENIX} Workshop on Free and Open Communications on the Internet ({FOCI} 13)},
  year={2013}
}

@inproceedings{shandler2018measuring,
  title={Measuring the Political and Social Implications of Government-Initiated Cyber Shutdowns},
  author={Shandler, Ryan},
  booktitle={8th {USENIX} Workshop on Free and Open Communications on the Internet ({FOCI} 18)},
  year={2018}
}

@inproceedings{padmanabhan2021multi,
  title={A multi-perspective view of Internet censorship in Myanmar},
  author={Padmanabhan, Ramakrishna and Filast{\`o}, Arturo and Xynou, Maria and Raman, Ram Sundara and Middleton, Kennedy and Zhang, Mingwei and Madory, Doug and Roberts, Molly and Dainotti, Alberto},
  booktitle={Proceedings of the ACM SIGCOMM 2021 Workshop on Free and Open Communications on the Internet},
  pages={27--36},
  year={2021}
}

@inproceedings{hendriks2017potential,
  title={On the potential of IPv6 open resolvers for DDoS attacks},
  author={Hendriks, Luuk and de Oliveira Schmidt, Ricardo and van Rijswijk-Deij, Roland and Pras, Aiko},
  booktitle={International Conference on Passive and Active Network Measurement},
  pages={17--29},
  year={2017},
  organization={Springer}
}

@INPROCEEDINGS{Durumeric13zmap,
    author = {Zakir Durumeric and Eric Wustrow and J. Alex Halderman},
    title = {ZMap: Fast Internet-wide scanning and its security applications},
    booktitle = {In Proceedings of the 22nd USENIX Security Symposium},
    year = {2013}
}

@article{wander2014measurement,
  title={Measurement of globally visible dns injection},
  author={Wander, Matth{\"a}us and Boelmann, Christopher and Schwittmann, Lorenz and Weis, Torben},
  journal={IEEE Access},
  volume={2},
  pages={526--536},
  year={2014},
  publisher={IEEE}
}

@inproceedings{weinberg2021chinese,
  title={Chinese Wall or Swiss Cheese? Keyword filtering in the Great Firewall of China},
  author={Weinberg, Zachary and Barradas, Diogo and Christin, Nicolas},
  booktitle={Proceedings of the Web Conference 2021},
  pages={472--483},
  year={2021}
}

@inproceedings{clayton2006ignoring,
  title={Ignoring the great firewall of china},
  author={Clayton, Richard and Murdoch, Steven J and Watson, Robert NM},
  booktitle={International Workshop on Privacy Enhancing Technologies},
  pages={20--35},
  year={2006},
  organization={Springer}
}

@article{lowe2007great,
  title={The great DNS wall of China},
  author={Lowe, Graham and Winters, Patrick and Marcus, Michael L},
  journal={MS, New York University},
  volume={21},
  pages={1},
  year={2007}
}

@inproceedings{singh2020india,
  title={How India Censors the Web},
  author={Singh, Kushagra and Grover, Gurshabad and Bansal, Varun},
  booktitle={12th ACM Conference on Web Science},
  pages={21--28},
  year={2020}
}

@inproceedings{Yadav2018a,
  author = {Tarun Kumar Yadav and Akshat Sinha and Devashish Gosain and Piyush Kumar Sharma and Sambuddho Chakravarty},
  title = {Where The Light Gets In: Analyzing Web Censorship Mechanisms in {India}},
  booktitle = {Internet Measurement Conference},
  publisher = {ACM},
  year = {2018},
  url = {http://delivery.acm.org/10.1145/3280000/3278555/p252-Yadav.pdf},
}

@inproceedings{Gosain2017a,
  author = {Devashish Gosain and Anshika Agarwal and Sahil Shekhawat and H. B. Acharya and Sambuddho Chakravarty},
  title = {Mending Wall: On the Implementation of Censorship in {I}ndia},
  booktitle = {SecureComm},
  publisher = {Springer},
  year = {2017},
  url = {https://censorbib.nymity.ch/pdf/Gosain2017a.pdf},
}

@article{KLdivergence,
  title={On information and sufficiency},
  author={Kullback, Solomon and Leibler, Richard A},
  journal={The annals of mathematical statistics},
  volume={22},
  number={1},
  pages={79--86},
  year={1951},
  publisher={JSTOR}
}

@Online {maxmind-connectiondb,
 title = {{GeoIP2 Connection Type Database | MaxMind}},
 date = {2022-01-30},
 file = {:./references/en-geoip2-connection-type-database.html:html},
 howpublished = {\url{https://www.maxmind.com/en/geoip2-connection-type-database}},
 urldate = {2022-01-30}
}

@inproceedings{jones2015ethical,
author = {Jones, Ben and Ensafi, Roya and Feamster, Nick and Paxson, Vern and Weaver, Nick},
title = {Ethical Concerns for Censorship Measurement},
year = {2015},
isbn = {9781450335416},
publisher = {Association for Computing Machinery},
address = {New York, NY, USA},
url = {https://doi.org/10.1145/2793013.2793015},
doi = {10.1145/2793013.2793015},
booktitle = {Proceedings of the 2015 ACM SIGCOMM Workshop on Ethics in Networked Systems Research},
pages = {17–19},
numpages = {3},
location = {London, United Kingdom},
series = {NS Ethics '15}
}

@TECHREPORT{menlo,
  author = {Dittrich, D. and Kenneally, E.},
  title = {The Menlo Report: Ethical Principles Guiding Information and Communication Technology Research},
  institution = {U.S. Department of Homeland Security},
  year = {2012-08},
  keywords = {data sharing    overview    policy}
}

@TECHREPORT{menlo-companion,
  author = {Bailey, M. and Dittrich, D. and Kenneally, E.},
  title = {Applying Ethical Principles to Information and Communication Technology Research},
  institution = {U.S. Department of Homeland Security},
  year = {2013-10},
  keywords = {data sharing    overview    policy}
}

@article{razaghpanah2016exploring,
  title={Exploring the design space of longitudinal censorship measurement platforms},
  author={Razaghpanah, Abbas and Li, Anke and Filasto, Arturo and Nithyanand, Rishab and Ververis, Vasilis and Scott, Will and Gill, Phillipa},
  journal={arXiv preprint arXiv:1606.01979},
  year={2016}
}

@Online{townsend,
 title = {Internet Censorship (Part 2): The Technology of Information Control | Townsend Center for the Humanities},
 date = {2022-02-01},
 file = {:./references/blog-internet-censorship-part-2-technology-information-control.html:html},
 howpublished = {\url
   {https://townsendcenter.berkeley.edu/blog/internet-censorship-part-2-technology-information-control}},
 urldate = {2022-02-01}
}

@inproceedings{murdock2017target,
  title={Target generation for internet-wide IPv6 scanning},
  author={Murdock, Austin and Li, Frank and Bramsen, Paul and Durumeric, Zakir and Paxson, Vern},
  booktitle={Proceedings of the 2017 Internet Measurement Conference},
  pages={242--253},
  year={2017}
}


@article{RFC3056,
  title        = {{ Connection of IPv6 Domains via IPv4 Clouds }},
  journal      = {Internet Engineering Task Force},
  author       = {Carpenter, B. and Moore, K.},
  year         = {2003},
  howpublished = {\url{https://tools.ietf.org/html/rfc3056}},
  note         = {Accessed: 2022-02-01}
}

@misc{mcafee,
  title = {McAfee Customer URL Ticketing System},
  howpublished = {\url{https://www.trustedsource.org/?p=mcafee}},
  note         = {Accessed: 2022-02-01}
}